<?xml version="1.0" encoding="UTF-8"?><collection xmlns="http://www.loc.gov/MARC21/slim"><record><leader>00480nam--2200145-i-4500</leader><controlfield tag="001">000043262</controlfield><controlfield tag="002">20161230</controlfield><controlfield tag="005">20170123171604</controlfield><controlfield tag="008">060222s1000------------r-----000-0-eng-d</controlfield><datafield ind1=" " ind2=" " tag="100"><subfield code="a">Svehla, G</subfield></datafield><datafield ind1=" " ind2=" " tag="245"><subfield code="a">Comprehensive analytical chemistry. Vol. 5: Emission spectroscopy. Analytical microwave spectroscopy. Analytical appl.of electron microscopy</subfield></datafield><datafield ind1=" " ind2=" " tag="260"><subfield code="a">Amsterdam</subfield><subfield code="b">Elsevier Scientific Publ.Comp</subfield><subfield code="c">1975</subfield></datafield><datafield ind1=" " ind2=" " tag="300"><subfield code="a">IX+383 p</subfield></datafield><datafield ind1=" " ind2=" " tag="852"><subfield code="a">17130</subfield></datafield><datafield ind1=" " ind2=" " tag="CAT"><subfield code="a">SYS</subfield><subfield code="c">20170123</subfield><subfield code="h">171604</subfield></datafield></record></collection>